
@article{wu2008top,
  title={Top 10 algorithms in data mining},
  author={Wu, Xindong and Kumar, Vipin and Quinlan, J Ross and Ghosh, Joydeep 
  and Yang, Qiang and Motoda, Hiroshi and McLachlan, Geoffrey J and Ng, Angus 
  and Liu, Bing and Philip, S Yu and others},
  journal={Knowledge and Information Systems},
  volume={14},
  number={1},
  pages={1--37},
  year={2008},
  publisher={Springer}
}

@online{HUDF,
  author = {NASA, ESA, S. Beckwith (STScI) and the HUDF Team},
  title = {Hubble Ultra Deep Field},
  year = 2004,
  url = {http://imgsrc.hubblesite.org/hu/db/images/hs-2004-07-a-pdf.pdf},
  urldate = {2014-11-04}
}

@inproceedings{o2009star,
  title={Star-Galaxy Classification Using Data Mining Techniques with 
  Considerations for Unbalanced Datasets},
  author={Oâ€™Keefe, Peter J and Gowanlock, Michael G and McConnell, Sabine M and 
  Patton, David R},
  booktitle={Astronomical Data Analysis Software and Systems XVIII},
  volume={411},
  pages={318},
  year={2009}
}

@book{ester2000knowledge,
  title={Knowledge discovery in databases: Techniken und Anwendungen},
  author={Ester, Martin and Sander, J{\"o}rg},
  volume={2},
  number={4},
  year={2000},
  publisher={Springer Heidelberg}
}

@article{fayyad1996data,
  title={From data mining to knowledge discovery in databases},
  author={Fayyad, Usama and Piatetsky-Shapiro, Gregory and Smyth, Padhraic},
  journal={AI magazine},
  volume={17},
  number={3},
  pages={37},
  year={1996}
}

@inproceedings{AstronomicalDM,
    author  = "Giuseppe Longo",
    title   = "Astronomical data Mining DAMEWARE and beyond",
    publisher = "Astroinformatics 2013, Sidney",
    year    = 2013
}

@misc{dwh,
  Author = {Wolf-Tilo Balke},
  Institution = {Institute for Information Systems - TU Brunswick},
  Howpublished = {University Lecture},
  Year = {2014},
  Title = {Data Warehousing and Data Mining Techniques}
}

@article{fahrmeir2007regressionsanalyse,
  title={Regressionsanalyse},
  author={Fahrmeir, Ludwig and K{\"u}nstler, Rita and Pigeot, Iris and Tutz, Gerhard},
  journal={Statistik: Der Weg zur Datenanalyse},
  pages={475--515},
  year={2007},
  publisher={Springer}
}

@article{wu2014data,
  title={Data mining with big data},
  author={Wu, Xindong and Zhu, Xingquan and Wu, Gong-Qing and Ding, Wei},
  journal={Knowledge and Data Engineering, IEEE Transactions on},
  volume={26},
  number={1},
  pages={97--107},
  year={2014},
  publisher={IEEE}
}

@book{mayer2014big,
  title={Big Data},
  author={Mayer-Sch{\"o}nberger, Viktor and Cukier, Kenneth},
  year={2014},
  publisher={Computer Press}
}

@incollection{schoeneberg2014entscheidungsfindung,
  title={Entscheidungsfindung mit Big Data--Einsatz fortschrittlicher Visualisierungsm{\"o}glichkeiten zur Komplexit{\"a}tsbeherrschung betriebswirtschaftlicher Sachverhalte im Unternehmen},
  author={Schoeneberg, Klaus-Peter and Pein, Jennifer},
  booktitle={Komplexit{\"a}tsmanagement in Unternehmen},
  pages={309--354},
  year={2014},
  publisher={Springer}
}

@ONLINE{sdss3_scope:Online,
  author = {SDSS-III},
  title = {{The Scope of DR8}},
  month = nov,
  year = {2014},
  url = {http://www.sdss3.org/dr8/scope.php}
}